@article{totem-7tev-first,
author = "Antchev, G. and others",
collaboration = {TOTEM Collaboration},
title = "{Proton-proton elastic scattering at the LHC energy of $\sqrt{s} =$~7~TeV}",
journal = "{Europhys. Lett.}",
volume = "95",
pages = "41001",
doi = "10.1209/0295-5075/95/41001",
year = "2011",
}


@article{epl96,
author = "Antchev, G. and others",
collaboration = {TOTEM Collaboration},
title = "{First measurement of the total proton-proton cross section at the LHC energy of $\sqrt{s} =$~7~TeV}",
journal = "Europhys. Lett.",
volume = "96",
pages = "21002",
year = "2011",
archivePrefix = "arXiv",
eprint = "arXiv:hep-ep:1110.1395",
primaryClass = "hep-ex",
reportNumber = "CERN-PH-EP-2011-158",
}

@article{Aspell:2012ux,
	author = "Antchev, G. and others",
	collaboration = "TOTEM Collaboration",
	title={Measurement of the forward charged-particle pseudorapidity density in pp collisions at $\sqrt{s} =$~7~TeV with the TOTEM experiment},
	journal = "Europhys. Lett.",
	volume={98},
	number={3},
	pages={31002},
	doi = {10.1209/0295-5075/98/31002},
	url={http://inspirehep.net/record/1115294},
	year={2012},
	archivePrefix = "arXiv",
    eprint        = "arXiv:hep-ep:1205.4105",
    primaryClass  = "hep-th",
	reportNumber = "CERN-PH-EP-2012-106",
}


@article{totem-7tev-el,
author = "Antchev, G. and others",
title = "{Measurement of proton-proton elastic scattering and total cross-section at $\sqrt{s} =$~7~TeV}",
collaboration = "TOTEM Collaboration",
journal = "Europhys. Lett.",
volume = "101",
pages = "21002",
doi = "10.1209/0295-5075/101/21002",
year = "2013",
url = "http://inspirehep.net/record/1220862",
reportNumber = "CERN-PH-EP-2012-239",
}


@article{totem5,
author = "Antchev, G. and others",
title = "{Measurement of proton-proton inelastic scattering cross-section at $\sqrt{s} =$~7~TeV}",
collaboration = "TOTEM Collaboration",
journal = "Europhys. Lett.",
volume = "101",
pages = "21003",
doi = "10.1209/0295-5075/101/21003",
year = "2013",
url = "http://inspirehep.net/record/1220863",
}


@article{totem-7tev-tot2,
author = "Antchev, G. and others",
title = "{Luminosity-independent measurements of total, elastic and inelastic cross-sections at $\sqrt{s} =$~7~TeV}",
collaboration = "TOTEM Collaboration",
journal = "Europhys. Lett.",
volume = "101",
pages = "21004",
doi = "10.1209/0295-5075/101/21004",
year = "2013",
}


@article{totem-8tev-tot1,
author = "Antchev, G. and others",
title = {Luminosity-Independent Measurement of the Proton-Proton Total Cross Section at $\sqrt{s}=$~8~TeV},
collaboration = {TOTEM Collaboration},
journal = {Phys. Rev. Lett.},
volume = {111},
issue = {1},
pages = {012001},
numpages = {6},
year = {2013},
month = {Jul},
doi = {10.1103/PhysRevLett.111.012001},
url = {http://link.aps.org/doi/10.1103/PhysRevLett.111.012001},
publisher = {American Physical Society}
}


@article{totem-8tev-1km,
author = "Antchev, G. and others",
title = "{Measurement of elastic pp scattering at $\sqrt{\hbox
{s}} = \hbox {8}$ TeV in the Coulomb–nuclear
interference region: determination of the $\mathbf {\rho
}$ -parameter and the total cross-section}",
collaboration = "TOTEM Collaboration",
journal = "Eur. Phys. J.",
volume = "C76",
year = "2016",
number = "12",
pages = "661",
doi = "10.1140/epjc/s10052-016-4399-8",
reportNumber = "CERN-PH-EP-2015-325, TOTEM-2015-002",
}


@article{totem-8tev-90m,
author = "Antchev, G. and others",
title = "{Evidence for non-exponential elastic proton–proton differential cross-section at low $|t|$ and $\sqrt{s}$=~8~ TeV by TOTEM}",
collaboration = "TOTEM Collaboration",
journal = "Nucl. Phys.",
volume = "B899",
year = "2015",
pages = "527-546",
doi = "10.1016/j.nuclphysb.2015.08.010",
}

%bla

@techreport{totem-13tev-90m,
      author        = "Antchev, G. and others",
      title         = "{First measurement of elastic, inelastic and total cross-section at sqrt(s)= 13 TeV by TOTEM and overview of cross-section data at LHC energies}",
      institution   = "CERN",
      collaboration = "TOTEM Collaboration",
      address       = "Geneva",
      number        = "CERN-EP-2017-321",
      month         = "Dec",
      year          = "2017",
      reportNumber  = "CERN-EP-2017-321",
      url           = "https://cds.cern.ch/record/2296409",
}



@article{totem-ijmp,
author = "Antchev, G. and others",
title = "{Performance of the TOTEM Detectors at the LHC}",
collaboration = "TOTEM Collaboration",
journal = "Int. J. Mod. Phys.",
volume = "A28",
year = "2013",
pages = "1330046",
doi = "10.1142/S0217751X13300469",
reportNumber = "CERN-PH-EP-2013-173",
}


@article{totem-optics,
author = "Antchev, G and others",
title = "{LHC Optics Measurement with Proton Tracks Detected by
the Roman Pots of the TOTEM Experiment}",
collaboration = "TOTEM Collaboration",
journal = "New J. Phys.",
volume = "16",
year = "2014",
pages = "103041",
doi = "10.1088/1367-2630/16/10/103041",
reportNumber = "CERN-PH-EP-2014-066",
}


@article{Aad:2014dca,
author = "Aad, G and others",
title = "{Measurement of the total cross section from elastic
scattering in pp collisions at $\sqrt{s}=$~7~TeV with the
ATLAS detector}",
collaboration = "ATLAS Collaboration",
journal = "Nucl. Phys.",
volume = "B889",
year = "2014",
pages = "486-548",
doi = "10.1016/j.nuclphysb.2014.10.019",
archivePrefix = "arXiv",
eprint = "arXiv:hep-ep:1408.5778",
primaryClass = "hep-ex",
reportNumber = "CERN-PH-EP-2014-177",
}


@article{Aaboud:2016ijx,
author = "Aaboud, Morad and others",
title = "{Measurement of the total cross section from elastic
scattering in $pp$ collisions at $\sqrt{s}=$~8~ TeV with the
ATLAS detector}",
collaboration = "ATLAS Collaboration",
journal = "Phys. Lett.",
volume = "B761",
year = "2016",
pages = "158-178",
doi = "10.1016/j.physletb.2016.08.020",
eprint = "arXiv:hep-ep:1607.06605",
archivePrefix = "arXiv",
primaryClass = "hep-ex",
reportNumber = "CERN-EP-2016-158",
}



@article{Matthiae:1994uw,
author = "Matthiae, G.",
title = "{Proton and anti-proton cross-sections at high-energies}",
journal = "Rept.Prog.Phys.",
volume = "57",
pages = "743-790",
doi = "10.1088/0034-4885/57/8/001",
year = "1994",
}

@article{Augier:1994jn,
author = "Augier, C. and others",
title = "{Measurement of the proton - anti-proton total
cross-section at the S anti-p p S collider by a luminosity
dependent method}",
collaboration = "UA4/2 Collaboration",
journal = "Phys. Lett.",
volume = "B344",
pages = "451-454",
doi = "10.1016/0370-2693(94)01485-U",
year = "1995",
}

@article{Augier:1993ta,
author = "Augier, C. and others",
title = "{Predictions on the total cross-section and real part at
LHC and SSC}",
collaboration = "UA4/2 Collaboration",
journal = "Phys. Lett.",
volume = "B315",
pages = "503-506",
doi = "10.1016/0370-2693(93)91647-6",
year = "1993",
}

@article{Haguenauer:1994pv,
author = "Haguenauer, M. and others",
title = "{The Real part of the elastic scattering amplitude at the
S anti-p p S and predictions at LHC and SSC}",
collaboration = "UA4/2 Collaboration",
journal = "Nuovo Cim.",
volume = "107",
pages = "2093-2102",
doi = "10.1007/BF02823603",
year = "1994",
}

@article{ua4-rho,
author = "Augier, C. and others",
title = "{A Precise measurement of the real part of the elastic
scattering amplitude at the S anti-p p S}",
collaboration = "UA4/2 Collaboration",
journal = "Phys. Lett.",
volume = "B316",
pages = "448-454",
doi = "10.1016/0370-2693(93)90350-Q",
year = "1993",
}

@article{Avila:1998ej,
author = "Avila, C. and others",
title = "{A measurement of the proton-antiproton total
cross-section at $\sqrt{s} =$~ 1.8~TeV}",
collaboration = "E811 Collaboration",
journal = "Phys.Lett.",
volume = "B445",
pages = "419-422",
doi = "10.1016/S0370-2693(98)01421-X",
year = "1999",
}

@article{Avila:2002bp,
author = "Avila, C. and others",
title = "{The Ratio, $\rho$, of the real to the imaginary part of
the $\bar{p} p$ forward elastic scattering amplitude at
$\sqrt{s} =$~ 1.8~TeV}",
collaboration = "E-811 Collaboration",
journal = "Phys.Lett.",
volume = "B537",
pages = "41-44",
doi = "10.1016/S0370-2693(02)01908-1",
year = "2002",
}

@article{Abe:1993xy,
author = "Abe, F. and others",
title = "{Measurement of the $\bar{p}p$ total cross-section at
$\sqrt{s} = $~546~GeV and 1800~GeV}",
collaboration = "CDF Collaboration",
journal = "Phys.Rev.",
volume = "D50",
pages = "5550-5561",
doi = "10.1103/PhysRevD.50.5550",
year = "1994",
}

@article{Abe:1993xx,
author = "Abe, F. and others",
title = "{Measurement of small angle $\bar{p}p$ elastic scattering
at $\sqrt{s} = $~546~GeV and 1800~GeV}",
collaboration = "CDF Collaboration",
journal = "Phys.Rev.",
volume = "D50",
pages = "5518-5534",
doi = "10.1103/PhysRevD.50.5518",
year = "1994",
}

@article{Abe:1993wu,
author = "Abe, F. and others",
title = "{Measurement of $\bar{p}p$ single diffraction
dissociation at $\sqrt{s} = $~546~GeV and 1800~GeV}",
collaboration = "CDF Collaboration",
journal = "Phys.Rev.",
volume = "D50",
pages = "5535-5549",
doi = "10.1103/PhysRevD.50.5535",
year = "1994",
}

@article{Breakstone:1984te,
author = "Breakstone, A. and others",
title = "{A Measurement Of $\bar p p$ And $p p$ Elastic Scattering At
ISR Energies}",
collaboration = "Ames-Bologna-CERN-Dortmund-Heidelberg-Warsaw Collaboration",
journal = "Nucl.Phys.",
volume = "B248",
pages = "253-260",
doi = "10.1016/0550-3213(84)90595-9",
year = "1984",
}

@article{Nagy:1978iw,
author = "Nagy, E. and others",
title = "{Measurements of Elastic Proton Proton Scattering at
Large Momentum Transfer at the CERN Intersecting Storage
Rings}",
journal = "Nucl.Phys.",
volume = "B150",
pages = "221",
doi = "10.1016/0550-3213(79)90301-8",
year = "1979",
}

@article{Kwak:1975yq,
author = "Kwak, N. and others",
title = "{Experimental Results on Large Angle Elastic $p p$
Scattering at the CERN ISR}",
journal = "Phys.Lett.",
volume = "B58",
pages = "233",
doi = "10.1016/0370-2693(75)90643-7",
year = "1975",
}
@article{Bohm:1974tv,
author = "Bohm, A. and others",
title = "{Observation of a Diffraction Minimum in the Proton
Proton Elastic Scattering at the ISR}",
journal = "Phys.Lett.",
volume = "B49",
pages = "491",
doi = "10.1016/0370-2693(74)90644-3",
year = "1974",
}

@article{Barbiellini:1972ua,
author = "Barbiellini, G. and others",
title = "{Small Angle Proton Proton Elastic Scattering At Very
High-Energies ($460 GeV^2 < s < 2900 GeV^2$)}",
journal = "Phys.Lett.",
volume = "B39",
pages = "663-667",
doi = "10.1016/0370-2693(72)90025-1",
year = "1972",
}

@article{Holder:1971by,
author = "Holder, M. and others",
title = "{Observation Of Small Angle Proton Proton Elastic
Scattering At 30 Gev And 45 Gev Center-Of-Mass Energies}",
journal = "Phys.Lett.",
volume = "B35",
pages = "355-360",
doi = "10.1016/0370-2693(71)90277-2",
year = "1971",
}

@article{Holder:1971bx,
author = "Holder, M. and others",
title = "{Determination of the proton proton elastic cross-section
at 30-GeV center-of-mass energy}",
journal = "Phys.Lett.",
volume = "B35",
pages = "361-364",
doi = "10.1016/0370-2693(71)90278-4",
year = "1971",
}

@article{Bernard:1986ye,
author = "Bernard, D. and others",
title = "{Large T Elastic Scattering At The Cern SPS Collider At
$S^{(1/2)} = 630 GeV$}",
collaboration = "UA4 Collaboration",
journal = "Phys.Lett.",
volume = "B171",
pages = "142",
doi = "10.1016/0370-2693(86)91014-2",
year = "1986",
}

@article{plb198,
author = "Bernard, Denis and others",
title = "{The Real Part of the Proton - anti-Proton Elastic
Scattering Amplitude at the Center-Of-Mass Energy of
546-GeV}",
booktitle = "{New York 1987: 2nd Blois:9}",
collaboration = "UA4 Collaboration",
journal = "Phys. Lett.",
volume = "B198",
year = "1987",
pages = "583",
doi = "10.1016/0370-2693(87)90922-1",
reportNumber = "CERN-EP-87-147",
}

@article{Battiston:1982su,
author = "Battiston, R. and others",
title = "{Measurement of the proton\,-\,anti-proton elastic\,and
total\,cross-section at a center-of-mass\,energy\,of
540\,GeV}",
collaboration = "UA4 Collaboration",
journal = "Phys.Lett.",
volume = "B117",
pages = "126",
doi = "10.1016/0370-2693(82)90888-7",
year = "1982",
}

@article{Bozzo:1985th,
author = "Bozzo, M. and others",
title = "{Elastic Scattering At The Cern SPS Collider Up To A Four
Momentum Transfer Of $1.55 GeV^2$}",
collaboration = "UA4 Collaboration",
journal = "Phys.Lett.",
volume = "B155",
pages = "197-202",
doi = "10.1016/0370-2693(85)90985-2",
year = "1985",
}

@article{Bozzo:1984ri,
author = "Bozzo, M. and others",
title = "{Low Momentum Transfer Elastic Scattering at the CERN
Proton - anti-Proton Collider}",
collaboration = "UA4 Collaboration",
journal = "Phys.Lett.",
volume = "B147",
pages = "385",
doi = "10.1016/0370-2693(84)90138-2",
year = "1984",
}

@article{Amos:1990fw,
author = "Amos, N.~A. and others",
title = "{$\bar{p}p$ Elastic Scattering at $\sqrt{s} = $~1.8 ~TeV
from $|t| =$~ 0.034~ GeV/c$^{2}$ to 0.65~ GeV/c$^{2}$}",
collaboration = "E-710 Collaboration",
journal = "Phys.Lett.",
volume = "B247",
pages = "127-130",
doi = "10.1016/0370-2693(90)91060-O",
year = "1990",
}

@article{Giacomelli:1989bs,
author = "Giacomelli, G. and others",
title = "{Measurement of $\bar p p$ Elastic Scattering and Total
Cross-Sections at $s^(1/2) = 1.8 TeV$}",
collaboration = "E710 Collaboration",
journal = "Nucl.Phys.Proc.Suppl.",
volume = "16",
pages = "431-432",
year = "1990",
}

@article{Amos:1992jw,
author = "Amos, N.~A. and others",
title = "{Diffraction dissociation in $\bar{p} p$ collisions at
$\sqrt{s}$ = 1.8\,TeV}",
collaboration = "E710 Collaboration",
journal = "Phys.Lett.",
volume = "B301",
pages = "313-316",
doi = "10.1016/0370-2693(93)90707-O",
year = "1993",
}

@article{Amos:1988ng,
author = "Amos, N.~A. and others",
title = "{Measurement of $b$, the Nuclear Slope Parameter of the
$p\bar{p}$ Elastic Scattering Distribution at $\sqrt{s}$ =~
1800~GeV}",
collaboration = "E710 Collaboration",
journal = "Phys.Rev.Lett.",
volume = "61",
pages = "525",
doi = "10.1103/PhysRevLett.61.525",
year = "1988",
}

@article{Amos:1989at,
author = "Amos, N.~A. and others",
title = "{Measurement of the $\bar{p} p$ Total Cross-Section at
$\sqrt{s}$ = 1.8 ~TeV}",
collaboration = "E710 Collaboration",
journal = "Phys.Rev.Lett.",
volume = "63",
pages = "2784",
doi = "10.1103/PhysRevLett.63.2784",
year = "1989",
}

@inproceedings{Sadr:1993jq,
author = "Sadr, S. and others",
title = "{anti-p p collisions at $s^{1/2}$ = 1.8 TeV: rho,
sigma(t), and B}",
collaboration = "E710 Collaboration",
booktitle = "International Conference On Elastic And Diffractive Scattering (5th Blois Workshop), Providence, Rhode Island",
pages = "59-63",
year = "1993",
}

@article{Amos:1992zn,
author = "Amos, N.~A. and others",
title = "{$\bar{p}p$ Elastic Scattering At $\sqrt{s}$ = 1020~GeV}",
collaboration = "E710 Collaboration",
journal = "Nuovo Cim.",
volume = "A106",
pages = "123-132",
doi = "10.1007/BF02771512",
year = "1993",
}

@article{prl68,
author = "Amos, N.~A. and others",
title = "{Measurement Of $\rho$, The Ratio Of The Real To
Imaginary Part Of The $\bar{p} p$ Forward Elastic
Scattering Amplitude, At $\sqrt{s} =$~ 1.8~ TeV}",
collaboration = "E710 Collaboration",
journal = "Phys.Rev.Lett.",
volume = "68",
pages = "2433-2436",
doi = "10.1103/PhysRevLett.68.2433",
year = "1992",
}

@article{Aad:2011eu,
author = "Aad, G. and others",
title = "{Measurement of the Inelastic Proton-Proton Cross-Section
at $\sqrt{s}=$~7~TeV with the ATLAS Detector}",
collaboration = "ATLAS Collaboration",
journal = "arXiv hep-ex/1104.0326",
year = "2011",
eprint = "arXiv:hep-ep:1104.0326",
archivePrefix = "arXiv",
primaryClass = "hep-ex",
}

@article{npb141,
author = "Baksay, L. and others",
title = "{Measurement of the Proton Proton Total Cross-Section and
Small Angle Elastic Scattering at ISR Energies}",
journal = "Nucl.Phys.",
volume = "B141",
pages = "1-28",
doi = "10.1016/0550-3213(78)90331-0",
year = "1978",
}

@article{Amendolia:1973yw,
author = "Amendolia, S.R. and others",
title = "{Measurement of the total proton proton cross-section at
the ISR}",
journal = "Phys.Lett.",
volume = "B44",
pages = "119-124",
doi = "10.1016/0370-2693(73)90316-X",
year = "1973",
}

@article{Amaldi:1973yv,
author = "Amaldi, U. and others",
title = "{The Energy dependence of the proton proton total
cross-section for center-of-mass energies between 23 and
53 GeV}",
journal = "Phys.Lett.",
volume = "B44",
pages = "112-118",
doi = "10.1016/0370-2693(73)90315-8",
year = "1973",
}

@article{plb66,
author = "Amaldi, U. and others",
title = "{The Real Part of the Forward Proton Proton Scattering
Amplitude Measured at the CERN Intersecting Storage
Rings}",
journal = "Phys.Lett.",
volume = "B66",
pages = "390",
doi = "10.1016/0370-2693(77)90022-3",
year = "1977",
}

@article{Amaldi:1978vc,
author = "Amaldi, U. and others",
title = "{Precision measurement of proton proton total
cross-section at the CERN Intersecting Storage Rings}",
journal = "Nucl.Phys.",
volume = "B145",
pages = "367",
doi = "10.1016/0550-3213(78)90090-1",
year = "1978",
}

@article{plb43,
author = "Amaldi, U. and others",
title = "{Measurements of the proton proton total cross-sections
by means of Coulomb scattering at the Cern intersecting
storage rings}",
journal = "Phys. Lett.",
volume = "43B",
year = "1973",
pages = "231-236",
doi = "10.1016/0370-2693(73)90277-3",
}

@article{prl47,
author = "Favart, D. and others",
title = "{Measurement of $\bar{p}p$ Elastic Scattering at
$\sqrt{s}=$~52.8~{GeV} at the {CERN} Intersecting Storage
Rings}",
journal = "Phys. Rev. Lett.",
volume = "47",
year = "1981",
pages = "1191",
doi = "10.1103/PhysRevLett.47.1191",
reportNumber = "CERN-EP/81-108",
}


@article{Giacomelli:1979nu,
author = "Giacomelli, G. and Jacob, M.",
title = "{Physics at the CERN ISR}",
journal = "Phys.Rept.",
volume = "55",
pages = "1-132",
doi = "10.1016/0370-1573(79)90019-X",
year = "1979",
}


%Theory
@article{wy68,
author = "West, Geoffrey B. and Yennie, D.R.",
title = "{Coulomb interference in high-energy scattering}",
journal = "Phys. Rev.",
volume = "172",
pages = "1413-1422",
doi = "10.1103/PhysRev.172.1413",
year = "1968",
}

@article{Soffer:1991zx,
author = "Soffer, J.",
title = "{Impact Picture Predictions For $p p$ And $\bar p p$ Elastic
Scattering At High-Energies}",
pages = "769-770",
year = "1991",
}

@article{kl94,
author = "Kundr\'{a}t, V. and Lokaj\'{\i}\v{c}ek, M.",
title = "{High-energy scattering amplitude of unpolarized and
charged hadrons}",
journal = "Z. Phys.",
volume = "C63",
year = "1994",
pages = "619-630",
doi = "10.1007/BF01557628",
}

@article{cahn82,
author = "Cahn, R.",
title = "{Coulombic - Hadronic Interference in an Eikonal Model}",
journal = "Z. Phys.",
volume = "C15",
year = "1982",
pages = "253",
doi = "10.1007/BF01475009",
reportNumber = "CERN-TH-3292",
}


@article{RevModPhys.57.563,
title = {High-energy $p\overline{p}$ and $\mathrm{pp}$ forward elastic scattering and total cross sections},
author = {Block, M. M. and Cahn, R. N.},
journal = {Rev. Mod. Phys.},
volume = {57},
issue = {2},
pages = {563--598},
numpages = {0},
year = {1985},
month = {Apr},
publisher = {American Physical Society},
doi = {10.1103/RevModPhys.57.563},
url = {https://link.aps.org/doi/10.1103/RevModPhys.57.563}
}

@article{Block:1990hq,
author = "Block, M.M. and Halzen, F. and Margolis, B.",
title = "{Elastic Scattering At $s^(1/2) = 1800 GeV$: The First
Look At The Asymptotic Nucleon}",
journal = "Phys.Lett.",
volume = "B252",
pages = "481-482",
doi = "10.1016/0370-2693(90)90574-P",
year = "1990",
}

@article{block96,
author = "Block, M. M.",
title = "{Are we really measuring the phase of the nuclear
scattering amplitude?}",
journal = "Phys. Rev.",
volume = "D54",
year = "1996",
pages = "4337-4343",
doi = "10.1103/PhysRevD.54.4337",
}

@article{Jenkovszky:2011hu,
author = "Jenkovszky, L. and Lengyel, A. and Lontkovskyi, D.",
title = "{The Pomeron and Odderon in elastic, inelastic and total
cross sections at the LHC}",
journal = "Int J. Mod Phys A in press",
year = "2011",
eprint = "arXiv:hep-ep:1105.1202",
archivePrefix = "arXiv",
primaryClass = "hep-ph",
}

@article{kklp11,
author = "Ka\v{s}par, J. and others",
title = "{Phenomenological models of elastic nucleon scattering
and predictions for LHC}",
journal = "Nucl.Phys.",
volume = "B843",
pages = "84-106",
doi = "10.1016/j.nuclphysb.2010.09.020",
year = "2011",
}

@article{elegent,
author = "Ka\v{s}par, Jan",
title = "{Elegent -- an elastic event generator}",
journal = "Comput. Phys. Commun.",
volume = "185",
year = "2014",
pages = "1081-1084",
doi = "10.1016/j.cpc.2013.11.016",
note = "http://elegent.hepforge.org/"
}

@article{Islam:2009zz,
author = "Islam, M.M. and others",
title = "{Deep-elastic pp scattering at LHC from low-x gluons}",
journal = "Mod.Phys.Lett.",
volume = "A24",
pages = "485-496",
doi = "10.1142/S0217732309030266",
year = "2009",
}

@article{Petrov:2002nt,
author = "Petrov, V.A. and Predazzi, E. and Prokudin, A.",
title = "{Coulomb interference in high-energy pp and anti-p p
scattering}",
journal = "Eur.Phys.J.",
volume = "C28",
pages = "525-533",
doi = "10.1140/epjc/s2003-01191-7",
year = "2003",
eprint = "arXiv:hep-ph/0206012",
archivePrefix = "arXiv",
primaryClass = "hep-ph",
}

@article{Alberi:1981af,
author = "Alberi, G. and Goggi, G.",
title = "{Diffraction of subnuclear waves}",
journal = "Phys.Rept.",
volume = "74",
pages = "1-207",
doi = "10.1016/0370-1573(81)90019-3",
year = "1981",
}

@article{Block:2011uy,
author = "Block, M. and Halzen, F.",
title = "{Forward hadronic scattering at 7 TeV: predictions for
the LHC: an update}",
journal = "Phys.Rev.",
volume = "D83",
pages = "077901",
doi = "10.1103/PhysRevD.83.077901",
year = "2011",
eprint = "arXiv:hep-ep:1102.3163",
archivePrefix = "arXiv",
primaryClass = "hep-ph",
}

@article{Bourrely:2002wr,
author = "Bourrely, C. and Soffer, J. and Wu, T.T.",
title = "{Impact picture phenomenology for $\pi^+$ -p, $K^+$ -p
and $p p$, $\bar{p} p$ elastic scattering at
high-energies}",
journal = "Eur.Phys.J.",
volume = "C28",
pages = "97-105",
doi = "10.1140/epjc/s2003-01159-7",
year = "2003",
eprint = "arXiv:hep-ph/0210264",
archivePrefix = "arXiv",
primaryClass = "hep-ph",
}

@article{nicolescu-1973,
author = "Lukaszuk, L. and Nicolescu, B.",
title = "{A Possible interpretation of p p rising total
cross-sections}",
journal = "Lett. Nuovo Cim.",
volume = "8",
year = "1973",
pages = "405-413",
doi = "10.1007/BF02824484",
}

@article{nicolescu-1975,
      author         = "Joynson, David and Leader, Elliot and Nicolescu, Basarab
                        and Lopez, Cayetano",
      title          = "{NonRegge and HyperRegge Effects in Pion-Nucleon Charge
                        Exchange Scattering at High-Energies}",
      journal        = "Nuovo Cim.",
      volume         = "A30",
      year           = "1975",
      pages          = "345",
      doi            = "10.1007/BF02730293",
      reportNumber   = "IPNO/TH 75-18",
}

@article{nicolescu-1992,
      author         = "Gauron, Pierre and Lukaszuk, Leszek and Nicolescu,
                        Basarab",
      title          = "{Consistency of the maximal odderon approach with the QFT
                        constraints}",
      journal        = "Phys. Lett.",
      volume         = "B294",
      year           = "1992",
      pages          = "298-302",
      doi            = "10.1016/0370-2693(92)90698-4",
      reportNumber   = "IPNO-TH-92-64",
}


@article{nicolescu-1990,
      author         = "Gauron, Pierre and Nicolescu, Basarab and Leader, Elliot",
      title          = "{Odderon Description of the $p p$ and $\bar{p} p$ Forward
                        and Nonforward Data}",
      journal        = "Phys. Lett.",
      volume         = "B238",
      year           = "1990",
      pages          = "406-412",
      doi            = "10.1016/0370-2693(90)91756-2",
      reportNumber   = "IPNO/TH-89-56",
}

@article{nicolescu-2007,
      author         = "Avila, Regina and Gauron, Pierre and Nicolescu, Basarab",
      title          = "{How can the Odderon be detected at RHIC and LHC}",
      journal        = "Eur. Phys. J.",
      volume         = "C49",
      year           = "2007",
      pages          = "581-592",
      doi            = "10.1140/epjc/s10052-006-0074-9",
}

@inproceedings{ewerz-short,
      author         = "Ewerz, C.",
      title          = "{The Odderon: Theoretical status and experimental tests}",
      booktitle      = "{11th International Conference on Elastic and Diffractive Scattering (EDS 05)}",
      year           = "2005",
      eprint         = "arXiv:hep-ph/0511196",
      archivePrefix  = "arXiv",
      primaryClass   = "hep-ph",
      reportNumber   = "IFUM-837-FT",
}

@article{ewerz,
      author         = "Ewerz, Carlo",
      title          = "{The Odderon in quantum chromodynamics}",
      year           = "2003",
      eprint         = "arXiv:hep-ph/0306137",
      archivePrefix  = "arXiv",
      primaryClass   = "hep-ph",
      reportNumber   = "HD-THEP-02-35",
}

@article{nicolescu-2017-arxiv,
      author         = "Martynov, E. and Nicolescu, B.",
      title          = "{Did TOTEM experiment discover the Odderon?}",
      year           = "2017",
      eprint         = "arXiv:1711.03288 [hep-ph]",
      archivePrefix  = "arXiv",
      primaryClass   = "hep-ph",
}

@article{nicolescu-2017,
	title = "{Did TOTEM experiment discover the Odderon?}",
	journal = "Phys. Lett. B",
	volume = "778",
	number = "",
	pages = "414 - 418",
	year = "2018",
	note = "",
	issn = "0370-2693",
	doi = "https://doi.org/10.1016/j.physletb.2018.01.054",
	url = "https://www.sciencedirect.com/science/article/pii/S0370269318300625",
	author = "Evgenij Martynov and Basarab Nicolescu",
}

@article{braun,
      author         = "Braun, M. A.",
      title          = "{Odderon and QCD}",
      year           = "1998",
      eprint         = "arXiv:hep-ph/9805394",
      archivePrefix  = "arXiv",
      primaryClass   = "hep-ph",
      reportNumber   = "DESY-98-055",
}

@article{Bartels:1980pe,
author = "Bartels, Jochen",
title = "{High-Energy Behavior in a Nonabelian Gauge Theory (II)}",
journal = "Nucl. Phys.",
volume = "B175",
year = "1980",
pages = "365-401",
doi = "10.1016/0550-3213(80)90019-X",
reportNumber = "DESY-80-09",
}

@article{lipatov-1986,
      author         = "Lipatov, L. N.",
      title          = "{The Bare Pomeron in Quantum Chromodynamics}",
      journal        = "Sov. Phys. JETP",
      volume         = "63",
      year           = "1986",
      pages          = "904-912",
      reportNumber   = "LENINGRAD-85-1137",
      SLACcitation   = "%%CITATION = SPHJA,63,904;%%"
}



@Article{dremin-dispersion,
author="Dremin, I. M.",
title="Interplay of total cross sections and ratios of real to imaginary parts of hadron amplitudes",
journal="JETP Lett.",
year="2013",
month="Jul",
day="01",
volume="97",
number="10",
pages="571--573",
issn="1090-6487",
doi="10.1134/S0021364013100032",
url="https://doi.org/10.1134/S0021364013100032"
}


@article{plb120,
author = "Amos, Norman A. and others",
title = "{Comparison of $p \bar{p}$ and p p Elastic Scattering
at $S^{(1/2)}=52$.8-{GeV}}",
journal = "Phys. Lett.",
volume = "120B",
year = "1983",
pages = "460-464",
doi = "10.1016/0370-2693(83)90487-2",
reportNumber = "CERN-EP/82-163",
}


@article{plb128,
author = "Amos, Norman A. and others",
title = "{Comparison of Small Angle $p \bar{p}$  and p p Elastic
Scattering at the {CERN} Intersecting Storage Rings}",
journal = "Phys. Lett.",
volume = "128B",
year = "1983",
pages = "343-348",
doi = "10.1016/0370-2693(83)90272-1",
reportNumber = "CERN-EP-83-72",
}


@article{npb262,
author = "Amos, N.A. and others",
title = "{Measurement of small angle $\bar{p}p$ and proton proton
elastic scattering at the CERN Intersecting Storage
Rings}",
journal = "Nucl.Phys.",
volume = "B262",
pages = "689",
doi = "10.1016/0550-3213(85)90511-5",
year = "1985",
}

@article{Arnison:1983mm,
author = "Arnison, G. and others",
title = "{Elastic and total cross-section measurement at the CERN
proton-anti-proton Collider}",
collaboration = "UA1 Collaboration",
journal = "Phys.Lett.",
volume = "B128",
pages = "336",
doi = "10.1016/0370-2693(83)90271-X",
year = "1983",
}

@article{plb115,
author = "Ambrosio, M. and others",
title = "{Measurement of elastic scattering in anti-proton-proton collisions at 52.8 Gev center-of-mass energy}",
collaboration = "CERN-Naples-Pisa-Stony Brook Collaboration",
journal = "Phys.Lett.",
volume = "B115",
pages = "495",
doi = "10.1016/0370-2693(82)90400-2",
year = "1982",
}


@article{Donnachie:1979yu,
author = "Donnachie, A. and Landshoff, P.V.",
title = "{Elastic Scattering at Large t}",
journal = "Z. Phys.",
volume = "C2",
pages = "55",
doi = "10.1007/BF01546237, 10.1007/BF01546237",
year = "1979",
}


@article{DeMitri:2009zz,
author = "De Mitri, I.",
title = "{Measurement of the proton-air cross section with
ARGO-YBJ}",
collaboration = "ARGO-YBJ Collaboration",
journal = "Nucl.Phys.Proc.Suppl.",
volume = "196",
pages = "325-328",
doi = "10.1016/j.nuclphysbps.2009.09.062",
year = "2009",
}

@inproceedings{Dawson:1987iv,
author = "Dawson, B.",
title = "{Measurement of the total proton proton cross-section
using the Fly's Eye}",
booktitle = "Elastic and diffractive
scattering, New York",
pages = "337-346",
year = "1987",
}

@article{Yodh:1972fv,
author = "Yodh, G.B. and Pal, Y. and Trefil, J.S.",
title = "{Evidence for rapidly rising p-p total cross-section
from cosmic ray data}",
journal = "Phys.Rev.Lett.",
volume = "28",
pages = "1005-1008",
doi = "10.1103/PhysRevLett.28.1005",
year = "1972",
}

@inproceedings{Akimov:1969zzb,
author = "Akimov, V.V. and others",
title = "{Measurements of the inelastic proton-proton and
proton-carbon cross-sections at energies $10^{10}$
to $10^{12}$ eV on board the satellites
proton 1, 2 and 3}",
booktitle = "11th International Cosmic Ray Conference (ICRC 1969) 25 Aug - Sep 4, 1969, Budapest, Hungary",
pages = "211-214",
year = "1969",
}

@article{Baltrusaitis:1984ka,
author = "Baltrusaitis, R.M. and others",
title = "{Total Proton Proton Cross-Section at $s^{1/2}$ = 30 TeV}",
journal = "Phys.Rev.Lett.",
volume = "52",
pages = "1380-1383",
doi = "10.1103/PhysRevLett.52.1380",
year = "1984",
}

@article{compete,
collaboration = "COMPETE Collaboration",
author = "Cudell, J.R. and others",
title = "{Benchmarks for the Forward Observables at RHIC, the Tevatron-Run II, and the LHC}",
journal = "Phys. Rev. Lett.",
volume = "89",
pages = "201801",
year = "2002",
}

@article{Bronzan:1974,
author = "Bronzan, J.B. and Kane, G.L. and Sukhatme, U.P.",
title = "{Obtaining real parts of scattering amplitudes directly from cross section data using derivative analyticity relations}",
journal = "Phys.Lett.",
volume = "49B",
pages = "272",
year = "1974",
}

@article{Guryn:2004,
author = "B\protect{\"{u}}ltmann, S. and others",
collaboration = "pp2pp Collaboration",
title = "{First Measurement of Proton-Proton Elastic Scattering at RHIC}",
journal = "Phys.Lett.",
volume = "B579",
pages = "245-250",
year = "2004",
}

@article{totem-jinst,
author = "Anelli, G. and others",
title = "{The TOTEM Experiment at the CERN Large Hadron Collider}",
collaboration = "TOTEM Collaboration",
journal = "JINST",
volume = "3",
pages = "S08007",
doi = "10.1088/1748-0221/3/08/S08007",
year = "2008",
}


@article{pdg-2010,
author = {Nakamura, K. and others},
title = {Particle Data Book},
collaboration = {Particle Data Group},
journal = {J. Phys.},
volume = {G 37},
pages = {075021},
year = {2010},
}

@article{pdg-2016,
      author         = "Patrignani, C. and others",
      title          = "{Review of Particle Physics}",
      collaboration  = "Particle Data Group",
      journal        = "Chin. Phys.",
      volume         = "C40",
      year           = "2016",
      number         = "10",
      pages          = "100001",
      doi            = "10.1088/1674-1137/40/10/100001",
}


@article{TOTEM-TDR,
title = "Total cross-section, elastic scattering and diffraction dissociation at the Large Hadron Collider at CERN: TOTEM technical design report",
author = "Berardi , V and others",
collaboration = "TOTEM Collaboration",
journal = "",
volume = "CERN-LHCC-2004-002 and addendum CERN-LHCC-2004-020",
number = "",
pages = "",
year = "2004",
note = "",
issn = "0168-9002",
doi = "10.1016/j.nima.2009.09.024",
url = "http://cdsweb.cern.ch/record/704349",
}


@article{jan-thesis,
  author = "{Ka\v{s}par, J.}",
  title = "",
  journal = "PhD Thesis",
  volume = "CERN-THESIS-2011-214",
  year = "2011",
  number = "",
  pages = "",
  url = "http://cdsweb.cern.ch/record/1441140"
}

@phdthesis{hubert-thesis,
author = "Niewiadomski, H. ",
title = "Reconstruction of Protons in the TOTEM Roman Pot Detectors
at the {LHC}",
school = "Manchester U.",
address = "Manchester",
year = "2008",
note = "Presented on 11 Sep 2008",
}

@article{Ruggiero:2005yd,
author = "Ruggiero, G. and others",
title = "{Planar edgeless silicon detectors for the TOTEM experiment}",
collaboration = "TOTEM Collaboration",
journal = "IEEE Trans. Nucl. Sci.",
volume = "52",
pages = "1899-1902",
doi = "10.1109/TNS.2005.856910",
year = "2005",
SLACcitation = "",
}

@article{Antchev:2013iaa,
author = "Antchev, G. and others",
title = "{Luminosity-independent measurements of total, elastic and inelastic cross-sections at $\sqrt{s} =$~7~TeV}",
collaboration = "TOTEM Collaboration",
journal = "Europhys. Lett.",
volume = "101",
pages = "21004",
doi = "10.1209/0295-5075/101/21004",
year = "2013",
url = "http://inspirehep.net/record/1220864",
}

@article{lafferty94,
author = "Lafferty, G. D. and Wyatt, T. R.",
title = "{Where to stick your data points: The treatment of
measurements within wide bins}",
journal = "Nucl. Instrum. Meth.",
volume = "A355",
year = "1995",
pages = "541-547",
doi = "10.1016/0168-9002(94)01112-5",
reportNumber = "MAN-HEP-94-3, CERN-PPE-94-72, CERN-PPE-94-072",
}


@article{edgeless-strips,
author = "Ruggiero, G. and others",
title = "{Characteristics of edgeless silicon detectors for the Roman Pots of the TOTEM experiment at the LHC}",
journal = "Nucl. Instrum. Meth.",
volume = "A604",
pages = "242-245",
doi = "10.1016/j.nima.2009.01.056",
year = "2009",
}


@article{durham-2015-slope,
      author         = "Khoze, V. A. and Martin, A. D. and Ryskin, M. G.",
      title          = "{t dependence of the slope of the high energy elastic pp
                        cross section}",
      journal        = "J. Phys.",
      volume         = "G42",
      year           = "2015",
      number         = "2",
      pages          = "025003",
      doi            = "10.1088/0954-3899/42/2/025003",
      eprint         = "arXiv:hep-ep:1410.0508",
      archivePrefix  = "arXiv",
      primaryClass   = "hep-ph",
      reportNumber   = "IPPP-14-86, DCPT-14-172",
}

@article{durham-2015-review,
      author         = "Khoze, V. A. and Martin, A. D. and Ryskin, M. G.",
      title          = "{Elastic scattering and Diffractive dissociation in the
                        light of LHC data}",
      journal        = "Int. J. Mod. Phys.",
      volume         = "A30",
      year           = "2015",
      number         = "08",
      pages          = "1542004",
      doi            = "10.1142/S0217751X1542004X",
      reportNumber   = "IPPP-14-14, DCPT-14-28",
}


@article{Ryskin:2007qx,
author = "Ryskin, M.G. and Martin, A. D. and Khoze, V.A.",
title = "{Soft diffraction at the LHC: A Partonic interpretation}",
journal = "Eur. Phys. J.",
volume = "C54",
year = "2008",
pages = "199-217",
doi = "10.1140/epjc/s10052-007-0514-1",
eprint = "arXiv:hep-ep:0710.2494",
archivePrefix = "arXiv",
primaryClass = "hep-ph",
reportNumber = "IPPP-07-66, DCPT-07-132",
}

@article{martin97,
author = "Martin, Andre",
title = "{A Theorem on the real part of the high-energy scattering
amplitude near the forward direction}",
journal = "Phys. Lett.",
volume = "B404",
year = "1997",
pages = "137-140",
doi = "10.1016/S0370-2693(97)00510-8",
eprint = "arXiv:hep-th/9703027",
archivePrefix = "arXiv",
primaryClass = "hep-th",
reportNumber = "CERN-TH-97-023, CERN-TH-97-23",
}

@article{bailly87,
author = "Bailly, J. L. and others",
title = "{AN IMPACT PARAMETER ANALYSIS OF PROTON PROTON ELASTIC
AND INELASTIC INTERACTIONS AT 360-GeV/c}",
collaboration = "EHS-RCBC Collaboration",
journal = "Z. Phys.",
volume = "C37",
year = "1987",
pages = "7-16",
doi = "10.1007/BF01442063",
reportNumber = "CERN-EP-87-118",
}


@article{Gotsman:2008tr,
author = "Gotsman, E. and Levin, E. and Maor, U. and Miller, J. S.",
title = "{A QCD motivated model for soft interactions at high
energies}",
journal = "Eur. Phys. J.",
volume = "C57",
year = "2008",
pages = "689-709",
doi = "10.1140/epjc/s10052-008-0704-5",
eprint = "arXiv:hep-ep:0805.2799",
archivePrefix = "arXiv",
primaryClass = "hep-ph",
reportNumber = "TAUP-2878-08",
}

@article{Khoze:2010by,
author = "Khoze, V. A. and others",
title = "{Diffraction and correlations at the LHC: Definitions and
observables}",
journal = "Eur. Phys. J.",
volume = "C69",
year = "2010",
pages = "85-93",
doi = "10.1140/epjc/s10052-010-1392-5",
eprint = "arXiv:hep-ep:1005.4839",
archivePrefix = "arXiv",
primaryClass = "hep-ph",
reportNumber = "IPPP-10-38, DCPT-10-76, MCNET-10-10",
}


@article{beam-mom-unc,
      author         = "Todesco, E. and Wenninger, J.",
      title          = "{Large Hadron Collider momentum calibration and
                        accuracy}",
      journal        = "Phys. Rev. Accel. Beams",
      volume         = "20",
      year           = "2017",
      number         = "8",
      pages          = "081003",
      doi            = "10.1103/PhysRevAccelBeams.20.081003",
}


@article{durham-2017-note,
      author         = "Khoze, V. A. and Martin, A. D. and Ryskin, M. G.",
      title          = "{Elastic proton-proton scattering at 13 TeV}",
      year           = "2017",
      eprint         = "arXiv:1712.00325v1 [hep-ph]",
      archivePrefix  = "arXiv",
      primaryClass   = "hep-ph",
      reportNumber   = "IPPP-17-89",
}


@misc{compete-details,
collaboration = "COMPETE Collaboration",
title = "{Benchmarks For the Forward Observables}",
year = "2002",
note = {{http://nuclth02.phys.ulg.ac.be/compete/publications/benchmarks\_details/},~ Online; accessed 6-December-2017},
}


@book{barone-predazzi,
author="Barone, V. and Predazzi, E.",
title="High-Energy Particle Diffraction",
year="2002",
publisher="Springer Berlin Heidelberg",
address="Berlin, Heidelberg",
pages="139--161",
isbn="978-3-662-04724-8",
doi="10.1007/978-3-662-04724-8_7",
url="https://doi.org/10.1007/978-3-662-04724-8_7"
}

@article{d0-elastic,
  title = {Measurement of the differential cross section $d\ensuremath{\sigma}/dt$ in elastic $p\overline{p}$ scattering at $\sqrt{s}\mathbf{=}1.96\text{ }\text{ }\mathrm{TeV}$},
  author = {Abazov, V. M. and others},
  collaboration = {D0 Collaboration},
  journal = {Phys. Rev. D},
  volume = {86},
  issue = {1},
  pages = {012009},
  numpages = {12},
  year = {2012},
  month = {Jul},
  publisher = {American Physical Society},
  doi = {10.1103/PhysRevD.86.012009},
  url = {https://link.aps.org/doi/10.1103/PhysRevD.86.012009}
}

@article{yellow-report,
  author={Akiba, K. and others},
  title={LHC forward physics},
  journal={J. Phys. G},
  volume={43},
  number={11},
  pages={110201},
  url={http://stacks.iop.org/0954-3899/43/i=11/a=110201},
  year={2016},
}

@article{breakstone-85,
  title = {Measurement of $\overline{p}p$ and $\mathrm{pp}$ Elastic Scattering in the Dip Region at $\sqrt{s}=53$ GeV},
  author = {Breakstone, A. and others},
  journal = {Phys. Rev. Lett.},
  volume = {54},
  issue = {20},
  pages = {2180--2183},
  numpages = {0},
  year = {1985},
  month = {May},
  publisher = {American Physical Society},
  doi = {10.1103/PhysRevLett.54.2180},
  url = {https://link.aps.org/doi/10.1103/PhysRevLett.54.2180}
}

@article{hera-odderon-2002,
title = "Search for odderon-induced contributions to exclusive π0 photoproduction at HERA",
journal = "Phys. Lett. B",
volume = "544",
number = "1",
pages = "35-43",
year = "2002",
issn = "0370-2693",
doi = "https://doi.org/10.1016/S0370-2693(02)02479-6",
url = "http://www.sciencedirect.com/science/article/pii/S0370269302024796",
author = "C. Adloff and others",
collaboration = "H1 Collaboration"
}

@article{bartels-2000,
title = "A new odderon solution in perturbative QCD",
journal = "Phys. Lett. B",
volume = "477",
number = "1",
pages = "178-186",
year = "2000",
issn = "0370-2693",
doi = "https://doi.org/10.1016/S0370-2693(00)00221-5",
url = "http://www.sciencedirect.com/science/article/pii/S0370269300002215",
author = "J. Bartels and L.N. Lipatov and G.P. Vacca"
}

@article{morningstar-1999,
  title = {Glueball spectrum from an anisotropic lattice study},
  author = {Morningstar, Colin J. and Peardon, Mike},
  journal = {Phys. Rev. D},
  volume = {60},
  issue = {3},
  pages = {034509},
  numpages = {13},
  year = {1999},
  month = {Jul},
  publisher = {American Physical Society},
  doi = {10.1103/PhysRevD.60.034509},
  url = {https://link.aps.org/doi/10.1103/PhysRevD.60.034509}
}

@article{kwiecinski-1980,
  title = "Three gluon integral equation and odd C singlet Regge singularities in QCD",
  journal = "Phys. Lett.",
  volume = "B94",
  number = "3",
  pages = "413-416",
  year = "1980",
  issn = "0370-2693",
  doi = "https://doi.org/10.1016/0370-2693(80)90909-0",
  url = "http://www.sciencedirect.com/science/article/pii/0370269380909090",
  author = "J. Kwieci\`nski and M. Praszałowicz"
}

@article{jaroszewicz-1981,
      author         = "Jaroszewicz, T. and Kwieci\`nski, J.",
      title          = "{Odd C Gluonic Regge Singularities of Perturbative {QCD}
                        and Their Decoupling From Deep Inelastic Neutrino
                        Scattering}",
      journal        = "Z. Phys.",
      volume         = "C12",
      year           = "1982",
      pages          = "167",
      doi            = "10.1007/BF01548613",
      reportNumber   = "LPTHE-81-12",
}

@article{bartels-1980,
  title = "High-energy behaviour in a non-abelian gauge theory (II). First corrections to Tn→m beyond the leading In s approximation",
  journal = "Nucl. Phys.",
  volume = "B175",
  number = "3",
  pages = "365-401",
  year = "1980",
  issn = "0550-3213",
  doi = "https://doi.org/10.1016/0550-3213(80)90019-X",
  url = "http://www.sciencedirect.com/science/article/pii/055032138090019X",
  author = "J. Bartels"
}

@book{ioffe-2010,
	series=", Cambridge Monographs on Particle Physics, Nuclear Physics and Cosmology",
	title="Quantum Chromodynamics: Perturbative and Nonperturbative Aspects",
	DOI={10.1017/CBO9780511711817},
	publisher="Cambridge University Press",
	author="Ioffe, B. L. and Fadin, V. S. and Lipatov, L. N.",
	year={2010},
}

@article{levin-1990,
  title = "High energy hadron collisions in QCD",
  journal = "Phys. Rep.",
  volume = "189",
  number = "6",
  pages = "268-382",
  year = "1990",
  issn = "0370-1573",
  doi = "https://doi.org/10.1016/0370-1573(90)90016-U",
  url = "http://www.sciencedirect.com/science/article/pii/037015739090016U",
  author = "E.M. Levin and M.G. Ryskin"
}

@article{froissart-1961,
  title = {Asymptotic Behavior and Subtractions in the Mandelstam Representation},
  author = {Froissart, Marcel},
  journal = {Phys. Rev.},
  volume = {123},
  issue = {3},
  pages = {1053-1057},
  numpages = {0},
  year = {1961},
  month = {Aug},
  publisher = {American Physical Society},
  doi = {10.1103/PhysRev.123.1053},
  url = {https://link.aps.org/doi/10.1103/PhysRev.123.1053}
}

@article{ster-2015,
  title = {Extracting the Odderon from $pp$ and $p\overline{p}$ scattering data},
  author = {Ster, Andr\'as and Jenkovszky, L\'aszl\'o and Cs\"org\ifmmode \mbox{\H{o}}\else \H{o}\fi{}, Tam\'as},
  journal = {Phys. Rev. D},
  volume = {91},
  issue = {7},
  pages = {074018},
  numpages = {10},
  year = {2015},
  month = {Apr},
  publisher = {American Physical Society},
  doi = {10.1103/PhysRevD.91.074018},
  url = {https://link.aps.org/doi/10.1103/PhysRevD.91.074018}
}
